@Article{Tibshirani2012,
  author    = {Tibshirani, Robert and Bien, Jacob and Friedman, Jerome and Hastie, Trevor and Simon, Noah and Taylor, Jonathan and Tibshirani, Ryan J.},
  title     = {Strong rules for discarding predictors in lasso-type problems},
  journal   = {Journal of the Royal Statistical Society Series B},
  year      = {2012},
  volume    = {74},
  number    = {2},
  pages     = {245--266},
  issn      = {1467-9868},
  publisher = {Blackwell Publishing Ltd},
}

@inproceedings{wang2013lasso,
  title={Lasso screening rules via dual polytope projection},
  author={Wang, Jie and Zhou, Jiayu and Wonka, Peter and Ye, Jieping},
  booktitle={Advances in Neural Information Processing Systems},
  pages={1070--1078},
  year={2013}
}

@InProceedings{wang2014safe,
  author    = {Wang, Jie and Zhou, Jiayu and Liu, Jun and Wonka, Peter and Ye, Jieping},
  title     = {A safe screening rule for sparse logistic regression},
  booktitle = {Advances in Neural Information Processing Systems},
  year      = {2014},
  pages     = {1053--1061},
}

@inproceedings{lee2007efficient,
  title={Efficient sparse coding algorithms},
  author={Lee, Honglak and Battle, Alexis and Raina, Rajat and Ng, Andrew Y},
  booktitle={Advances in neural information processing systems},
  pages={801--808},
  year={2007}
}